1987 3074
60 192 165 195 ,Ἣ-
191 192 315 195 w...
482 194 505 195 a
644 194 651 196 .
710 165 878 212 445„
964 194 992 197 a
1024 194 1051 197 .-
1096 194 1109 197 -
1269 195 1379 198 .-m
1413 195 1455 198 ,ψ

343 334 750 384 “EDITOR
811 336 1242 385 LECTORI.

114 447 143 469 “
165 446 331 506 QUUM
360 443 569 506 primum
595 443 749 506 reperi
770 444 991 492 libellum
1012 445 1143 491 hunc
1164 444 1534 506 lepidissimum,

45 511 258 575 legendo
277 512 568 575 gaudebam.
593 513 727 573 quod
749 514 792 560 δε
815 522 864 559 tu
887 512 1033 559 facies
1050 528 1162 559 curn
1185 512 1355 574 legeris
1377 513 1537 560 nullus

45 579 236 628 dubito.
311 579 511 626 Editum
544 579 708 627 inveni
745 581 933 641 absque
969 595 1078 636 aera,
1105 581 1294 641 absque
1319 579 1534 637 nomine,

44 648 123 695 vel
147 646 397 705 Authoris,
425 647 501 694 vel
530 647 837 708 Bibliopolae‚
865 647 940 694 vel
966 647 1300 709 Typographi‚
1327 657 1409 694 aut
1436 648 1536 694 ullo

45 714 142 762 alio
168 714 353 762 indicio
390 730 724 776 possessorem
750 715 902 761 ullum
930 713 1213 774 indicante3
1249 731 1365 776 ergo
1391 715 1534 762 statui

46 781 139 829 mei
163 781 285 844 juris
310 797 431 837 esse,
458 781 607 843 inque
634 783 793 829 lucem
820 781 973 829 emisi.
1052 784 1128 830 De
1155 783 1375 830 Autliore
1401 783 1536 843 quod
1584 839 1585 842 Ἰ

44 858 232 897 certum
252 858 326 897 est
352 848 611 910 subjiciam
635 868 644 896 :
681 851 760 897 Ab
781 849 942 897 amico
963 865 1075 897 meo
1095 848 1384 897 doctissimo
1405 866 1537 898 nunc

45 917 250 979 praesule
298 916 517 963 intellexi
565 917 840 964 Authorem
892 918 1169 964 Barnabam
1233 916 1536 978 Harrington

43 984 207 1042 fuisse,
235 993 349 1032 ante
376 985 556 1031 multos
583 1000 738 1031 annos
760 985 902 1045 (forte
924 985 1194 1045 nonaginta
1212 994 1294 1031 aut
1315 990 1532 1042 centurn)

44 1053 122 1099 vel
148 1051 362 1100 Socium.
391 1052 468 1098 vel
495 1051 684 1098 Artium
716 1051 1018 1113 Magistrum,
1048 1066 1130 1098 aut
1167 1053 1338 1099 saltem
1380 1054 1536 1099 Mem-

43 1120 200 1193 brum,
248 1118 458 1180 Collegii
508 1119 802 1180 Regiriensis
849 1120 979 1179 apud
1026 1119 1352 1177 Oxonienses,
1398 1120 1532 1193 quod

45 1186 203 1234 innuit
229 1186 378 1234 etiam
406 1186 598 1233 Autlior
624 1187 812 1247 saepius
891 1188 935 1233 N
942 1197 1048 1233 atus
1075 1198 1190 1238 e1at
1220 1198 1273 1234 ut
1309 1187 1375 1233 ait
1414 1188 1532 1260 ipse,

43 1255 301 1302 Aballabae
319 1255 701 1300 Westmarorum
724 1253 848 1300 iuter
865 1254 1232 1315 Septentriones
1254 1270 1312 1301 ex
1333 1255 1536 1316 antiqua
1584 1296 1585 1306 ,

43 1321 206 1382 stirpe,
235 1322 371 1383 prole
409 1321 475 1367 ibi
513 1321 676 1368 adhuc
704 1331 947 1368 manente.
1026 1321 1126 1368 Hic
1163 1332 1236 1368 est
1273 1321 1536 1369 famosissi—
1582 1369 1585 1380 ,

42 1405 150 1436 mus
172 1388 252 1436 ille
273 1389 335 1435 (le
355 1404 455 1450 quo
476 1388 794 1436 decantatum
814 1388 933 1436 illud
954 1391 997 1437 S:
1020 1389 1184 1436 tritum
1206 1390 1340 1451 apud
1364 1390 1534 1452 vulgus

41 1455 332 1515 cantillatur,

217 1544 335 1600 Hey,
360 1543 583 1599 Barnaby
602 1542 618 1585 !
651 1543 754 1586 take
771 1542 803 1585 ’t
821 1544 903 1596 for
921 1558 950 1586 a
973 1545 1210 1599 zvarnz'ngn

216 1603 283 1645 Be
305 1617 364 1646 no
386 1617 510 1645 more
531 1603 689 1644 clrlcnk
710 1617 801 1645 nor
818 1603 906 1657 dry
929 1604 977 1644 in
1002 1618 1031 1645 α
1055 1603 1287 1660 morning.

44 1697 123 1743 De
169 1695 294 1744 libro
341 1697 476 1744 nulla
524 1707 597 1744 est
644 1697 913 1744 necessitas
961 1697 1182 1745 addendi
1231 1697 1535 1760 quidquam,
1582 1712 1583 1755 ζ

40 1763 181 1811 facile
219 1765 452 1826 perlegeS‚
480 1766 524 1812 ἃ*
562 1765 781 1826 perlecto
815 1764 1075 1826 judicabis.
1154 1767 1231 1812 De
1269 1767 1441 1841 Versu,
1470 1767 1532 1814 de
1582 1764 1583 1769 ’

44 1833 224 1905 Metro,
272 1831 334 1879 de
379 1832 635 1879 Erroribus
677 1847 839 1893 neque
883 1842 958 1880 est
1000 1833 1134 1894 quod
1177 1833 1390 1893 addam3
1427 1834 1532 1896 ipse

41 1898 171 1945 enim
197 1902 356 1946 Autor
380 1899 495 1946 satis
521 1898 707 1947 ludicre
743 1900 793 1946 in
830 1901 1002 1947 Errata
1038 1899 1162 1948 libro
1188 1902 1386 1963 praefixa
1410 1901 1534 1964 seip-

40 1981 148 2013 sum
173 1965 454 2025 vindicavit,
481 1983 632 2028 quum
659 1966 741 2025 ait,

394 2053 519 2097 Ouid
543 2055 623 2096 si<
605 2054 762 2097 sedem
788 2063 917 2097 muto
941 2055 1086 2098 sede.

397 2113 521 2168 Quid
545 2113 582 2155 si
605 2126 790 2155 carmen
813 2113 980 2155 claudo
1002 2114 1148 2169 pede?

396 2171 518 2226 Quid
543 2172 580 2213 si
605 2180 792 2213 noctem
815 2172 939 2214 sensi
961 2172 1082 2214 diem
1103 2173 1121 2215 ?

395 2229 519 2284 Quid
542 2230 579 2271 si
605 2243 788 2282 veprem
810 2243 912 2272 esse
933 2231 1093 2273 viam?

398 2290 479 2331 Sat
502 2298 585 2340 est,
605 2288 797 2329 verbum
820 2288 1067 2340 declinavi,

394 2347 405 2367 ‘
424 2347 609 2398 Titubo,
633 2346 820 2399 titubas,
842 2346 1067 2389 titubavi!

689 2428 716 2450 “
736 2425 863 2473 Vale
888 2428 933 2473 δε
958 2425 1060 2473 ride
1085 2425 1282 2486 affatim,
1313 2429 1534 2477 Lector.''

118 2557 184 2615 (c)
222 2557 462 2604 Drunken
498 2557 774 2617 Barnaby's
807 2558 944 2604 Four
960 2558 1215 2620 Journeys,
1256 2559 1344 2606 &o
1442 2561 1539 2606 lee

55 2626 215 2672 Third
233 2626 436 2673 Edz‘tz‘on
460 2626 732 2672 z'lluslrated
750 2625 870 2671 with
901 2626 1084 2671 several
1112 2640 1216 2672 new
1239 2633 1530 2734 copperkcuts.
