<?xml version="1.0" encoding="UTF-8"?>
<!DOCTYPE html PUBLIC "-//W3C//DTD XHTML 1.0 Transitional//EN"
    "http://www.w3.org/TR/xhtml1/DTD/xhtml1-transitional.dtd">
<html xmlns="http://www.w3.org/1999/xhtml" xml:lang="en" lang="en">
 <head>
  <title>
</title>
<meta http-equiv="Content-Type" content="text/html;charset=utf-8" />
  <meta name='ocr-system' content='tesseract 3.04.00' />
  <meta name='ocr-capabilities' content='ocr_page ocr_carea ocr_par ocr_line ocrx_word'/>
</head>
<body>
  <div class='ocr_page' id='page_1' title='image "barnabitinerar00bratuoft_0082.png"; bbox 0 0 1987 3074; ppageno 0'>
   <div class='ocr_carea' id='block_1_1' title="bbox 0 783 42 957">
    <p class='ocr_par' dir='ltr' id='par_1_1' title="bbox 0 783 42 957">
     <span class='ocr_line' id='line_1_1' title="bbox 0 783 42 957; textangle 90"><span class='ocrx_word' id='word_1_1' title='bbox 40 952 42 957; x_wconf 59' lang='grc'>,</span> <span class='ocrx_word' id='word_1_2' title='bbox 0 783 26 934; x_wconf 57' lang='lat' dir='ltr'>-vv-</span> 
     </span>
    </p>
   </div>
   <div class='ocr_carea' id='block_1_2' title="bbox 336 1277 339 1355">
    <p class='ocr_par' dir='ltr' id='par_1_2' title="bbox 336 1277 339 1355">
     <span class='ocr_line' id='line_1_2' title="bbox 336 1277 339 1292; baseline 0 0"><span class='ocrx_word' id='word_1_3' title='bbox 336 1277 339 1292; x_wconf 67' lang='grc' dir='ltr'><strong><em>Δ</em></strong></span> 
     </span>
     <span class='ocr_line' id='line_1_3' title="bbox 336 1336 339 1355; baseline 0 0"><span class='ocrx_word' id='word_1_4' title='bbox 336 1336 339 1355; x_wconf 78' lang='grc' dir='ltr'>ι</span> 
     </span>
    </p>
   </div>
   <div class='ocr_carea' id='block_1_3' title="bbox 333 933 345 1873">
    <p class='ocr_par' dir='ltr' id='par_1_3' title="bbox 333 933 345 1873">
     <span class='ocr_line' id='line_1_4' title="bbox 333 933 345 1873; baseline 0 0"><span class='ocrx_word' id='word_1_5' title='bbox 333 933 345 1873; x_wconf 95' lang='lat' dir='ltr'><strong> </strong></span> 
     </span>
    </p>
   </div>
   <div class='ocr_carea' id='block_1_4' title="bbox 1116 171 1178 217">
    <p class='ocr_par' dir='ltr' id='par_1_4' title="bbox 1116 171 1178 217">
     <span class='ocr_line' id='line_1_5' title="bbox 1116 171 1178 217; baseline -0.016 0"><span class='ocrx_word' id='word_1_6' title='bbox 1116 171 1178 217; x_wconf 90' lang='lat'><strong>60</strong></span> 
     </span>
    </p>
   </div>
   <div class='ocr_carea' id='block_1_5' title="bbox 1181 212 1943 263">
    <p class='ocr_par' dir='ltr' id='par_1_5' title="bbox 1181 212 1943 263">
     <span class='ocr_line' id='line_1_6' title="bbox 1181 212 1943 263; baseline 0 2811"><span class='ocrx_word' id='word_1_7' title='bbox 1181 212 1943 263; x_wconf 95' lang='lat' dir='ltr'><strong> </strong></span> 
     </span>
    </p>
   </div>
   <div class='ocr_carea' id='block_1_6' title="bbox 814 291 1473 348">
    <p class='ocr_par' dir='ltr' id='par_1_6' title="bbox 814 291 1473 348">
     <span class='ocr_line' id='line_1_7' title="bbox 814 291 1473 348; baseline 0 -13"><span class='ocrx_word' id='word_1_8' title='bbox 814 292 1090 336; x_wconf 78' lang='lat' dir='ltr'><strong>Plzilaretus</strong></span> <span class='ocrx_word' id='word_1_9' title='bbox 1108 298 1155 336; x_wconf 83' lang='lat' dir='ltr'><strong>et</strong></span> <span class='ocrx_word' id='word_1_10' title='bbox 1172 293 1220 335; x_wconf 88' lang='lat' dir='ltr'><em>E</em></span> <span class='ocrx_word' id='word_1_11' title='bbox 1223 291 1473 348; x_wconf 76' lang='lat' dir='ltr'><em>utlzymz‘us.</em></span> 
     </span>
    </p>
   </div>
   <div class='ocr_carea' id='block_1_7' title="bbox 566 372 1603 959">
    <p class='ocr_par' dir='ltr' id='par_1_7' title="bbox 573 372 1137 428">
     <span class='ocr_line' id='line_1_8' title="bbox 573 372 1137 428; baseline 0.002 -13"><span class='ocrx_word' id='word_1_12' title='bbox 573 372 787 417; x_wconf 82' lang='lat' dir='ltr'><strong>Philaret.</strong></span> <span class='ocrx_word' id='word_1_13' title='bbox 856 373 955 428; x_wconf 66' lang='lat' dir='ltr'><strong>Qu&amp;</strong></span> <span class='ocrx_word' id='word_1_14' title='bbox 978 373 1099 415; x_wconf 73' lang='lat' dir='ltr'><em>redis</em></span> <span class='ocrx_word' id='word_1_15' title='bbox 1114 374 1137 416; x_wconf 64' lang='lat'><strong>1?</strong></span> 
     </span>
    </p>

    <p class='ocr_par' dir='ltr' id='par_1_8' title="bbox 569 431 1380 548">
     <span class='ocr_line' id='line_1_9' title="bbox 569 431 1380 487; baseline 0 -13"><span class='ocrx_word' id='word_1_16' title='bbox 569 432 788 486; x_wconf 83' lang='lat' dir='ltr'><strong>Euthym.</strong></span> <span class='ocrx_word' id='word_1_17' title='bbox 849 434 909 475; x_wconf 87' lang='lat' dir='ltr'><strong>In</strong></span> <span class='ocrx_word' id='word_1_18' title='bbox 923 435 1160 487; x_wconf 76' lang='lat' dir='ltr'><strong>gremium</strong></span> <span class='ocrx_word' id='word_1_19' title='bbox 1184 431 1380 475; x_wconf 80' lang='lat' dir='ltr'><em>matris:</em></span> 
     </span>
     <span class='ocr_line' id='line_1_10' title="bbox 572 490 1205 548; baseline 0.003 -16"><span class='ocrx_word' id='word_1_20' title='bbox 572 490 786 534; x_wconf 77' lang='lat' dir='ltr'><strong>Philaret.</strong></span> <span class='ocrx_word' id='word_1_21' title='bbox 855 491 978 548; x_wconf 75' lang='lat' dir='ltr'><strong>Quos</strong></span> <span class='ocrx_word' id='word_1_22' title='bbox 999 492 1205 547; x_wconf 73' lang='lat' dir='ltr'><em>qnoeris?</em></span> 
     </span>
    </p>

    <p class='ocr_par' dir='ltr' id='par_1_9' title="bbox 570 549 1056 603">
     <span class='ocr_line' id='line_1_11' title="bbox 570 549 1056 603; baseline 0.002 -13"><span class='ocrx_word' id='word_1_23' title='bbox 570 549 790 603; x_wconf 83' lang='lat' dir='ltr'><strong>Euthym.</strong></span> <span class='ocrx_word' id='word_1_24' title='bbox 853 551 898 592; x_wconf 82' lang='lat' dir='ltr'><em>A</em></span> <span class='ocrx_word' id='word_1_25' title='bbox 906 552 1056 593; x_wconf 74' lang='lat' dir='ltr'><strong>mices.</strong></span> 
     </span>
    </p>

    <p class='ocr_par' dir='ltr' id='par_1_10' title="bbox 567 608 1603 897">
     <span class='ocr_line' id='line_1_12' title="bbox 570 608 1378 652; baseline 0.002 -3"><span class='ocrx_word' id='word_1_26' title='bbox 570 608 782 651; x_wconf 77' lang='lat' dir='ltr'><strong>Philaret.</strong></span> <span class='ocrx_word' id='word_1_27' title='bbox 846 610 942 651; x_wconf 72' lang='lat' dir='ltr'><strong>His</strong></span> <span class='ocrx_word' id='word_1_28' title='bbox 963 609 1200 652; x_wconf 80' lang='lat' dir='ltr'><strong>moriendo</strong></span> <span class='ocrx_word' id='word_1_29' title='bbox 1220 623 1378 652; x_wconf 81' lang='lat' dir='ltr'><em>cares:</em></span> 
     </span>
     <span class='ocr_line' id='line_1_13' title="bbox 568 667 1374 723; baseline 0.002 -14"><span class='ocrx_word' id='word_1_30' title='bbox 568 667 786 722; x_wconf 85' lang='lat' dir='ltr'><strong>Euthym.</strong></span> <span class='ocrx_word' id='word_1_31' title='bbox 849 669 906 710; x_wconf 90' lang='lat' dir='ltr'><em>H</em></span> <span class='ocrx_word' id='word_1_32' title='bbox 906 669 947 710; x_wconf 80' lang='lat' dir='ltr'><strong>is</strong></span> <span class='ocrx_word' id='word_1_33' title='bbox 968 669 1204 711; x_wconf 78' lang='lat' dir='ltr'><strong>moriendo</strong></span> <span class='ocrx_word' id='word_1_34' title='bbox 1210 669 1374 723; x_wconf 74' lang='lat' dir='ltr'><em>fruor.</em></span> 
     </span>
     <span class='ocr_line' id='line_1_14' title="bbox 567 726 1464 770; baseline 0.004 -4"><span class='ocrx_word' id='word_1_35' title='bbox 567 726 783 769; x_wconf 76' lang='lat' dir='ltr'><strong>Philaret.</strong></span> <span class='ocrx_word' id='word_1_36' title='bbox 854 728 986 770; x_wconf 78' lang='lat' dir='ltr'><strong>Tunc</strong></span> <span class='ocrx_word' id='word_1_37' title='bbox 1005 728 1091 769; x_wconf 71' lang='lat' dir='ltr'><em>tibi</em></span> <span class='ocrx_word' id='word_1_38' title='bbox 1111 742 1234 770; x_wconf 83' lang='lat' dir='ltr'><em>mors</em></span> <span class='ocrx_word' id='word_1_39' title='bbox 1255 729 1437 770; x_wconf 77' lang='lat' dir='ltr'><em>lucrum</em></span> <span class='ocrx_word' id='word_1_40' title='bbox 1447 742 1464 770; x_wconf 92' lang='lat'><strong>.·</strong></span> 
     </span>
     <span class='ocr_line' id='line_1_15' title="bbox 567 785 1603 842; baseline 0.004 -16"><span class='ocrx_word' id='word_1_41' title='bbox 567 785 788 840; x_wconf 85' lang='lat' dir='ltr'><strong>Euthym.</strong></span> <span class='ocrx_word' id='word_1_42' title='bbox 851 787 912 828; x_wconf 84' lang='grc' dir='ltr'><em>Μ</em></span> <span class='ocrx_word' id='word_1_43' title='bbox 911 786 983 828; x_wconf 66' lang='lat' dir='ltr'><em>illi</em></span> <span class='ocrx_word' id='word_1_44' title='bbox 1002 787 1100 840; x_wconf 73' lang='lat' dir='ltr'><em>lux,</em></span> <span class='ocrx_word' id='word_1_45' title='bbox 1123 788 1216 840; x_wconf 80' lang='lat' dir='ltr'><strong>via,</strong></span> <span class='ocrx_word' id='word_1_46' title='bbox 1241 789 1357 842; x_wconf 74' lang='lat' dir='ltr'><em>vita,</em></span> <span class='ocrx_word' id='word_1_47' title='bbox 1380 787 1603 830; x_wconf 73' lang='lat' dir='ltr'><strong>leuamen.</strong></span> 
     </span>
     <span class='ocr_line' id='line_1_16' title="bbox 568 843 1347 897; baseline 0.005 -13"><span class='ocrx_word' id='word_1_48' title='bbox 568 843 780 889; x_wconf 81' lang='lat' dir='ltr'><strong>Philaret.</strong></span> <span class='ocrx_word' id='word_1_49' title='bbox 852 846 983 888; x_wconf 78' lang='lat' dir='ltr'><strong>Tunc</strong></span> <span class='ocrx_word' id='word_1_50' title='bbox 1001 860 1093 888; x_wconf 83' lang='lat' dir='ltr'><strong>non</strong></span> <span class='ocrx_word' id='word_1_51' title='bbox 1114 847 1314 888; x_wconf 82' lang='lat' dir='ltr'><em>amissus</em></span> <span class='ocrx_word' id='word_1_52' title='bbox 1327 860 1347 897; x_wconf 88' lang='lat'><strong>,·</strong></span> 
     </span>
    </p>

    <p class='ocr_par' dir='ltr' id='par_1_11' title="bbox 566 902 1383 959">
     <span class='ocr_line' id='line_1_17' title="bbox 566 902 1383 959; baseline 0.005 -15"><span class='ocrx_word' id='word_1_53' title='bbox 566 902 786 959; x_wconf 86' lang='lat' dir='ltr'>Euthym.</span> <span class='ocrx_word' id='word_1_54' title='bbox 849 905 1031 947; x_wconf 75' lang='lat' dir='ltr'><em>Missus</em></span> <span class='ocrx_word' id='word_1_55' title='bbox 1052 909 1104 947; x_wconf 81' lang='lat' dir='ltr'><strong>at</strong></span> <span class='ocrx_word' id='word_1_56' title='bbox 1122 910 1231 948; x_wconf 82' lang='lat' dir='ltr'><strong>ante</strong></span> <span class='ocrx_word' id='word_1_57' title='bbox 1252 919 1383 948; x_wconf 84' lang='lat' dir='ltr'><em>meos.</em></span> 
     </span>
    </p>
   </div>
   <div class='ocr_carea' id='block_1_8' title="bbox 445 1003 1890 1063">
    <p class='ocr_par' dir='ltr' id='par_1_12' title="bbox 445 1003 1890 1063">
     <span class='ocr_line' id='line_1_18' title="bbox 445 1003 1890 1063; baseline 0.001 -17"><span class='ocrx_word' id='word_1_58' title='bbox 445 1003 505 1047; x_wconf 89' lang='lat' dir='ltr'><strong>In</strong></span> <span class='ocrx_word' id='word_1_59' title='bbox 546 1005 591 1047; x_wconf 83' lang='lat' dir='ltr'><em>A</em></span> <span class='ocrx_word' id='word_1_60' title='bbox 599 1019 877 1061; x_wconf 76' lang='lat' dir='ltr'><em>nagramma</em></span> <span class='ocrx_word' id='word_1_61' title='bbox 919 1006 1047 1062; x_wconf 79' lang='lat' dir='ltr'><em>quod</em></span> <span class='ocrx_word' id='word_1_62' title='bbox 1075 1006 1168 1050; x_wconf 70' lang='lat' dir='ltr'><em>sibi</em></span> <span class='ocrx_word' id='word_1_63' title='bbox 1195 1004 1290 1063; x_wconf 62' lang='lat' dir='ltr'><strong>{fisi</strong></span> <span class='ocrx_word' id='word_1_64' title='bbox 1317 1006 1573 1063; x_wconf 77' lang='lat' dir='ltr'><em>composuit</em></span> <span class='ocrx_word' id='word_1_65' title='bbox 1600 1007 1661 1050; x_wconf 74' lang='lat'><strong>&amp;⁹</strong></span> <span class='ocrx_word' id='word_1_66' title='bbox 1690 1005 1890 1049; x_wconf 84' lang='lat' dir='ltr'><em>Annulo</em></span> 
     </span>
    </p>
   </div>
   <div class='ocr_carea' id='block_1_9' title="bbox 338 1070 633 1129">
    <p class='ocr_par' dir='ltr' id='par_1_13' title="bbox 338 1070 633 1129">
     <span class='ocr_line' id='line_1_19' title="bbox 338 1070 633 1129; baseline 0.01 -15"><span class='ocrx_word' id='word_1_67' title='bbox 338 1070 341 1088; x_wconf 79' lang='lat'><strong>¹</strong></span> <span class='ocrx_word' id='word_1_68' title='bbox 387 1073 633 1129; x_wconf 73' lang='lat' dir='ltr'><em>inscripsit.</em></span> 
     </span>
    </p>
   </div>
   <div class='ocr_carea' id='block_1_10' title="bbox 1285 1130 1693 1248">
    <p class='ocr_par' dir='ltr' id='par_1_14' title="bbox 1285 1130 1693 1248">
     <span class='ocr_line' id='line_1_20' title="bbox 1285 1130 1693 1248; baseline 0 -73"><span class='ocrx_word' id='word_1_69' title='bbox 1285 1132 1594 1176; x_wconf 75' lang='lat' dir='ltr'><strong>Brathwaz‘te.</strong></span> <span class='ocrx_word' id='word_1_70' title='bbox 1674 1130 1693 1248; x_wconf 58' lang='grc' dir='ltr'>Ξ</span> 
     </span>
     <span class='ocr_line' id='line_1_21' title="bbox 1296 1190 1646 1236; baseline -0.006 -1"><span class='ocrx_word' id='word_1_71' title='bbox 1296 1191 1401 1235; x_wconf 74' lang='lat' dir='ltr'><em>Vita</em></span> <span class='ocrx_word' id='word_1_72' title='bbox 1423 1197 1479 1235; x_wconf 83' lang='lat' dir='ltr'><strong>vt</strong></span> <span class='ocrx_word' id='word_1_73' title='bbox 1496 1190 1646 1236; x_wconf 76' lang='lat' dir='ltr'><strong>herba.</strong></span> 
     </span>
    </p>
   </div>
   <div class='ocr_carea' id='block_1_11' title="bbox 384 1291 1826 1467">
    <p class='ocr_par' dir='ltr' id='par_1_15' title="bbox 384 1291 1826 1467">
     <span class='ocr_line' id='line_1_22' title="bbox 395 1291 1818 1350; baseline 0.001 -17"><span class='ocrx_word' id='word_1_74' title='bbox 395 1291 501 1334; x_wconf 68' lang='lat' dir='ltr'><em>Vita</em></span> <span class='ocrx_word' id='word_1_75' title='bbox 524 1295 579 1334; x_wconf 83' lang='lat' dir='ltr'><strong>vt</strong></span> <span class='ocrx_word' id='word_1_76' title='bbox 597 1292 757 1335; x_wconf 79' lang='lat' dir='ltr'><em>Herba</em></span> <span class='ocrx_word' id='word_1_77' title='bbox 780 1296 915 1335; x_wconf 84' lang='lat' dir='ltr'><em>tuum</em></span> <span class='ocrx_word' id='word_1_78' title='bbox 939 1297 1007 1336; x_wconf 83' lang='lat' dir='ltr'><strong>est</strong></span> <span class='ocrx_word' id='word_1_79' title='bbox 1025 1293 1372 1350; x_wconf 77' lang='lat' dir='ltr'><em>Anagramma,</em></span> <span class='ocrx_word' id='word_1_80' title='bbox 1396 1291 1554 1349; x_wconf 78' lang='lat' dir='ltr'><strong>tuaq&#39;,·</strong></span> <span class='ocrx_word' id='word_1_81' title='bbox 1585 1292 1670 1335; x_wconf 83' lang='lat' dir='ltr'><strong>snb</strong></span> <span class='ocrx_word' id='word_1_82' title='bbox 1692 1306 1818 1335; x_wconf 84' lang='lat' dir='ltr'><em>vrna</em></span> 
     </span>
     <span class='ocr_line' id='line_1_23' title="bbox 443 1351 1589 1406; baseline 0.001 -14"><span class='ocrx_word' id='word_1_83' title='bbox 443 1351 550 1393; x_wconf 80' lang='lat' dir='ltr'><strong>Hoc</strong></span> <span class='ocrx_word' id='word_1_84' title='bbox 570 1351 768 1406; x_wconf 60' lang='lat' dir='ltr'><strong>mileum,</strong></span> <span class='ocrx_word' id='word_1_85' title='bbox 793 1353 948 1395; x_wconf 73' lang='lat' dir='ltr'><strong>breuis</strong></span> <span class='ocrx_word' id='word_1_86' title='bbox 970 1357 1036 1395; x_wconf 81' lang='lat' dir='ltr'><strong>est</strong></span> <span class='ocrx_word' id='word_1_87' title='bbox 1057 1353 1174 1403; x_wconf 75' lang='lat' dir='ltr'><em>vita,</em></span> <span class='ocrx_word' id='word_1_88' title='bbox 1194 1353 1279 1394; x_wconf 78' lang='lat' dir='ltr'><strong>sed</strong></span> <span class='ocrx_word' id='word_1_89' title='bbox 1294 1353 1433 1395; x_wconf 78' lang='lat' dir='ltr'><em>herba</em></span> <span class='ocrx_word' id='word_1_90' title='bbox 1459 1353 1589 1406; x_wconf 83' lang='lat' dir='ltr'><em>leuis,</em></span> 
     </span>
     <span class='ocr_line' id='line_1_24' title="bbox 384 1409 1826 1467; baseline 0.001 -16"><span class='ocrx_word' id='word_1_91' title='bbox 384 1410 429 1452; x_wconf 84' lang='lat' dir='ltr'><em>A</em></span> <span class='ocrx_word' id='word_1_92' title='bbox 437 1409 616 1452; x_wconf 76' lang='lat' dir='ltr'><em>nnulus</em></span> <span class='ocrx_word' id='word_1_93' title='bbox 637 1410 722 1453; x_wconf 78' lang='lat' dir='ltr'><strong>lzoc</strong></span> <span class='ocrx_word' id='word_1_94' title='bbox 742 1412 906 1463; x_wconf 79' lang='lat' dir='ltr'><strong>tenuit,</strong></span> <span class='ocrx_word' id='word_1_95' title='bbox 929 1411 1081 1467; x_wconf 76' lang='lat' dir='ltr'><em>namq&#39;</em></span> <span class='ocrx_word' id='word_1_96' title='bbox 1096 1425 1116 1462; x_wconf 88' lang='grc'><strong>,·</strong></span> <span class='ocrx_word' id='word_1_97' title='bbox 1147 1411 1380 1453; x_wconf 79' lang='lat' dir='ltr'><em>Annnlzts</em></span> <span class='ocrx_word' id='word_1_98' title='bbox 1400 1416 1560 1454; x_wconf 79' lang='lat' dir='ltr'><em>arctus</em></span> <span class='ocrx_word' id='word_1_99' title='bbox 1581 1414 1637 1454; x_wconf 84' lang='lat' dir='ltr'><strong>vt</strong></span> <span class='ocrx_word' id='word_1_100' title='bbox 1656 1424 1826 1465; x_wconf 84' lang='lat' dir='ltr'><em>annus,</em></span> 
     </span>
    </p>
   </div>
   <div class='ocr_carea' id='block_1_12' title="bbox 447 1470 1422 1527">
    <p class='ocr_par' dir='ltr' id='par_1_16' title="bbox 447 1470 1422 1527">
     <span class='ocr_line' id='line_1_25' title="bbox 447 1470 1422 1527; baseline 0.003 -16"><span class='ocrx_word' id='word_1_101' title='bbox 447 1470 548 1524; x_wconf 74' lang='lat' dir='ltr'><strong>Quo</strong></span> <span class='ocrx_word' id='word_1_102' title='bbox 575 1470 727 1526; x_wconf 80' lang='lat' dir='ltr'><em>(velut</em></span> <span class='ocrx_word' id='word_1_103' title='bbox 746 1470 930 1527; x_wconf 80' lang='lat' dir='ltr'><em>afflatu)</em></span> <span class='ocrx_word' id='word_1_104' title='bbox 939 1472 1054 1526; x_wconf 80' lang='lat' dir='ltr'><em>fata</em></span> <span class='ocrx_word' id='word_1_105' title='bbox 1063 1472 1244 1526; x_wconf 79' lang='lat' dir='ltr'><em>sutura</em></span> <span class='ocrx_word' id='word_1_106' title='bbox 1268 1471 1422 1526; x_wconf 81' lang='lat' dir='ltr'><strong>refers.</strong></span> 
     </span>
    </p>
   </div>
   <div class='ocr_carea' id='block_1_13' title="bbox 922 1592 1336 1649">
    <p class='ocr_par' dir='ltr' id='par_1_17' title="bbox 922 1592 1336 1649">
     <span class='ocr_line' id='line_1_26' title="bbox 922 1592 1336 1649; baseline 0.002 -14"><span class='ocrx_word' id='word_1_107' title='bbox 922 1593 966 1635; x_wconf 83' lang='lat' dir='ltr'><em>A</em></span> <span class='ocrx_word' id='word_1_108' title='bbox 979 1592 1210 1649; x_wconf 81' lang='lat' dir='ltr'><strong>funerall</strong></span> <span class='ocrx_word' id='word_1_109' title='bbox 1229 1593 1336 1636; x_wconf 80' lang='lat' dir='ltr'><strong>Ode.</strong></span> 
     </span>
    </p>
   </div>
   <div class='ocr_carea' id='block_1_14' title="bbox 681 1685 1504 1906">
    <p class='ocr_par' dir='ltr' id='par_1_18' title="bbox 681 1685 1480 1743">
     <span class='ocr_line' id='line_1_27' title="bbox 681 1685 1480 1743; baseline 0.001 -16"><span class='ocrx_word' id='word_1_110' title='bbox 681 1686 720 1728; x_wconf 89' lang='lat' dir='ltr'><strong>O</strong></span> <span class='ocrx_word' id='word_1_111' title='bbox 746 1685 859 1728; x_wconf 82' lang='lat' dir='ltr'>thou</span> <span class='ocrx_word' id='word_1_112' title='bbox 884 1685 1299 1743; x_wconf 81' lang='lat' dir='ltr'><strong>heauen-aspiring</strong></span> <span class='ocrx_word' id='word_1_113' title='bbox 1324 1686 1480 1742; x_wconf 85' lang='lat' dir='ltr'>Spirit,</span> 
     </span>
    </p>

    <p class='ocr_par' dir='ltr' id='par_1_19' title="bbox 682 1745 1504 1906">
     <span class='ocr_line' id='line_1_28' title="bbox 682 1745 1504 1801; baseline 0.001 -15"><span class='ocrx_word' id='word_1_114' title='bbox 682 1745 878 1800; x_wconf 83' lang='lat' dir='ltr'><strong>Resting</strong></span> <span class='ocrx_word' id='word_1_115' title='bbox 901 1759 962 1787; x_wconf 91' lang='lat' dir='ltr'><strong>on</strong></span> <span class='ocrx_word' id='word_1_116' title='bbox 985 1746 1067 1801; x_wconf 87' lang='lat' dir='ltr'><strong>thy</strong></span> <span class='ocrx_word' id='word_1_117' title='bbox 1092 1746 1315 1788; x_wconf 77' lang='lat' dir='ltr'>Saniours</span> <span class='ocrx_word' id='word_1_118' title='bbox 1338 1746 1474 1789; x_wconf 86' lang='lat' dir='ltr'><strong>merit</strong></span> <span class='ocrx_word' id='word_1_119' title='bbox 1495 1745 1504 1787; x_wconf 74' lang='grc' dir='ltr'><strong>Ξ</strong></span> 
     </span>
     <span class='ocr_line' id='line_1_29' title="bbox 1035 1805 1398 1860; baseline 0 -13"><span class='ocrx_word' id='word_1_120' title='bbox 1035 1806 1146 1847; x_wconf 84' lang='lat' dir='ltr'><strong>Live</strong></span> <span class='ocrx_word' id='word_1_121' title='bbox 1169 1805 1216 1847; x_wconf 91' lang='lat' dir='ltr'><strong>in</strong></span> <span class='ocrx_word' id='word_1_122' title='bbox 1240 1818 1398 1860; x_wconf 80' lang='lat' dir='ltr'>peace,</span> 
     </span>
     <span class='ocr_line' id='line_1_30' title="bbox 1034 1864 1371 1906; baseline 0 0"><span class='ocrx_word' id='word_1_123' title='bbox 1034 1864 1126 1906; x_wconf 86' lang='lat' dir='ltr'><strong>For</strong></span> <span class='ocrx_word' id='word_1_124' title='bbox 1151 1877 1371 1906; x_wconf 84' lang='lat' dir='ltr'><strong>encrease</strong></span> 
     </span>
    </p>
   </div>
   <div class='ocr_carea' id='block_1_15' title="bbox 682 1952 1603 2173">
    <p class='ocr_par' dir='ltr' id='par_1_20' title="bbox 682 1952 1603 2173">
     <span class='ocr_line' id='line_1_31' title="bbox 683 1952 1455 2008; baseline 0.001 -14"><span class='ocrx_word' id='word_1_125' title='bbox 683 1952 813 1995; x_wconf 83' lang='lat' dir='ltr'><strong>Blest</strong></span> <span class='ocrx_word' id='word_1_126' title='bbox 834 1952 929 1995; x_wconf 86' lang='lat' dir='ltr'>this</span> <span class='ocrx_word' id='word_1_127' title='bbox 957 1953 1092 1996; x_wconf 83' lang='lat' dir='ltr'>Iland</span> <span class='ocrx_word' id='word_1_128' title='bbox 1114 1953 1161 1995; x_wconf 93' lang='lat' dir='ltr'><strong>in</strong></span> <span class='ocrx_word' id='word_1_129' title='bbox 1183 1954 1265 2008; x_wconf 91' lang='lat' dir='ltr'><strong>thy</strong></span> <span class='ocrx_word' id='word_1_130' title='bbox 1284 1953 1425 2008; x_wconf 82' lang='lat' dir='ltr'><strong>being</strong></span> <span class='ocrx_word' id='word_1_131' title='bbox 1446 1967 1455 1995; x_wconf 74' lang='grc' dir='ltr'>ε</span> 
     </span>
     <span class='ocr_line' id='line_1_32' title="bbox 682 2011 1426 2067; baseline 0.003 -14"><span class='ocrx_word' id='word_1_132' title='bbox 682 2011 870 2055; x_wconf 86' lang='lat' dir='ltr'><strong>Mindes</strong></span> <span class='ocrx_word' id='word_1_133' title='bbox 894 2012 1056 2055; x_wconf 77' lang='lat' dir='ltr'><strong>vnited</strong></span> <span class='ocrx_word' id='word_1_134' title='bbox 1079 2013 1171 2055; x_wconf 83' lang='lat' dir='ltr'>still</span> <span class='ocrx_word' id='word_1_135' title='bbox 1195 2012 1426 2067; x_wconf 81' lang='lat' dir='ltr'><strong>agreeing.</strong></span> 
     </span>
     <span class='ocr_line' id='line_1_33' title="bbox 1031 2070 1528 2126; baseline -0.002 -13"><span class='ocrx_word' id='word_1_136' title='bbox 1031 2072 1181 2113; x_wconf 83' lang='lat' dir='ltr'><strong>Peace</strong></span> <span class='ocrx_word' id='word_1_137' title='bbox 1204 2080 1385 2126; x_wconf 79' lang='lat' dir='ltr'><strong>possest</strong></span> <span class='ocrx_word' id='word_1_138' title='bbox 1408 2070 1528 2124; x_wconf 90' lang='lat' dir='ltr'><strong>thee,</strong></span> 
     </span>
     <span class='ocr_line' id='line_1_34' title="bbox 1034 2129 1603 2173; baseline -0.005 0"><span class='ocrx_word' id='word_1_139' title='bbox 1034 2130 1185 2173; x_wconf 87' lang='lat' dir='ltr'><strong>Peace</strong></span> <span class='ocrx_word' id='word_1_140' title='bbox 1207 2130 1322 2172; x_wconf 80' lang='lat' dir='ltr'><strong>hath</strong></span> <span class='ocrx_word' id='word_1_141' title='bbox 1345 2129 1464 2172; x_wconf 85' lang='lat' dir='ltr'><strong>blest</strong></span> <span class='ocrx_word' id='word_1_142' title='bbox 1487 2130 1603 2172; x_wconf 90' lang='lat' dir='ltr'><strong>thee.</strong></span> 
     </span>
    </p>
   </div>
   <div class='ocr_carea' id='block_1_16' title="bbox 680 2218 1702 2451">
    <p class='ocr_par' dir='ltr' id='par_1_21' title="bbox 680 2218 1702 2322">
     <span class='ocr_line' id='line_1_35' title="bbox 685 2218 1702 2274; baseline 0.002 -14"><span class='ocrx_word' id='word_1_143' title='bbox 685 2218 901 2272; x_wconf 80' lang='lat' dir='ltr'>Halcyon</span> <span class='ocrx_word' id='word_1_144' title='bbox 926 2218 1069 2274; x_wconf 85' lang='lat' dir='ltr'><strong>dayes</strong></span> <span class='ocrx_word' id='word_1_145' title='bbox 1092 2219 1151 2262; x_wconf 89' lang='lat' dir='ltr'><strong>be</strong></span> <span class='ocrx_word' id='word_1_146' title='bbox 1173 2219 1323 2262; x_wconf 82' lang='lat' dir='ltr'><strong>where</strong></span> <span class='ocrx_word' id='word_1_147' title='bbox 1346 2218 1459 2262; x_wconf 88' lang='lat' dir='ltr'>thou</span> <span class='ocrx_word' id='word_1_148' title='bbox 1482 2219 1702 2274; x_wconf 86' lang='lat' dir='ltr'><strong>dwellest‚</strong></span> 
     </span>
     <span class='ocr_line' id='line_1_36' title="bbox 680 2276 1392 2322; baseline 0.004 -3"><span class='ocrx_word' id='word_1_149' title='bbox 680 2276 746 2320; x_wconf 86' lang='lat' dir='ltr'><strong>As</strong></span> <span class='ocrx_word' id='word_1_150' title='bbox 770 2278 817 2320; x_wconf 89' lang='lat' dir='ltr'><strong>in</strong></span> <span class='ocrx_word' id='word_1_151' title='bbox 842 2278 1000 2321; x_wconf 87' lang='lat' dir='ltr'><strong>Glorie</strong></span> <span class='ocrx_word' id='word_1_152' title='bbox 1024 2279 1137 2320; x_wconf 86' lang='lat' dir='ltr'>thou</span> <span class='ocrx_word' id='word_1_153' title='bbox 1161 2279 1392 2322; x_wconf 84' lang='lat' dir='ltr'><strong>excellest.</strong></span> 
     </span>
    </p>

    <p class='ocr_par' dir='ltr' id='par_1_22' title="bbox 1040 2337 1458 2392">
     <span class='ocr_line' id='line_1_37' title="bbox 1040 2337 1458 2392; baseline 0.002 -14"><span class='ocrx_word' id='word_1_154' title='bbox 1040 2338 1194 2379; x_wconf 81' lang='lat' dir='ltr'><strong>Death</strong></span> <span class='ocrx_word' id='word_1_155' title='bbox 1218 2337 1276 2391; x_wconf 84' lang='lat' dir='ltr'><strong>by</strong></span> <span class='ocrx_word' id='word_1_156' title='bbox 1302 2337 1458 2392; x_wconf 88' lang='lat' dir='ltr'>dying,</span> 
     </span>
    </p>

    <p class='ocr_par' dir='ltr' id='par_1_23' title="bbox 1038 2395 1388 2451">
     <span class='ocr_line' id='line_1_38' title="bbox 1038 2395 1388 2451; baseline 0.003 -14"><span class='ocrx_word' id='word_1_157' title='bbox 1038 2395 1134 2438; x_wconf 84' lang='lat' dir='ltr'><strong>Life</strong></span> <span class='ocrx_word' id='word_1_158' title='bbox 1158 2395 1388 2451; x_wconf 81' lang='lat' dir='ltr'><strong>enioying.</strong></span> 
     </span>
    </p>
   </div>
   <div class='ocr_carea' id='block_1_17' title="bbox 682 2484 1661 2716">
    <p class='ocr_par' dir='ltr' id='par_1_24' title="bbox 684 2484 1557 2540">
     <span class='ocr_line' id='line_1_39' title="bbox 684 2484 1557 2540; baseline 0.003 -15"><span class='ocrx_word' id='word_1_159' title='bbox 684 2484 857 2526; x_wconf 84' lang='lat' dir='ltr'><strong>Richer</strong></span> <span class='ocrx_word' id='word_1_160' title='bbox 878 2484 1049 2540; x_wconf 84' lang='lat' dir='ltr'>fraight</span> <span class='ocrx_word' id='word_1_161' title='bbox 1072 2499 1165 2527; x_wconf 84' lang='lat' dir='ltr'><strong>was</strong></span> <span class='ocrx_word' id='word_1_162' title='bbox 1189 2499 1297 2528; x_wconf 89' lang='lat' dir='ltr'><strong>nere</strong></span> <span class='ocrx_word' id='word_1_163' title='bbox 1321 2484 1557 2538; x_wconf 88' lang='lat' dir='ltr'><strong>obtained,</strong></span> 
     </span>
    </p>

    <p class='ocr_par' dir='ltr' id='par_1_25' title="bbox 682 2542 1661 2716">
     <span class='ocr_line' id='line_1_40' title="bbox 682 2542 1626 2600; baseline 0.002 -15"><span class='ocrx_word' id='word_1_164' title='bbox 682 2542 817 2585; x_wconf 87' lang='lat' dir='ltr'><strong>Then</strong></span> <span class='ocrx_word' id='word_1_165' title='bbox 839 2544 920 2599; x_wconf 88' lang='lat' dir='ltr'><strong>thy</strong></span> <span class='ocrx_word' id='word_1_166' title='bbox 942 2544 1127 2600; x_wconf 68' lang='lat' dir='ltr'>pilgrim</span> <span class='ocrx_word' id='word_1_167' title='bbox 1152 2554 1278 2599; x_wconf 81' lang='lat' dir='ltr'><strong>steps</strong></span> <span class='ocrx_word' id='word_1_168' title='bbox 1301 2545 1420 2587; x_wconf 80' lang='lat' dir='ltr'><strong>haue</strong></span> <span class='ocrx_word' id='word_1_169' title='bbox 1443 2543 1626 2600; x_wconf 84' lang='lat' dir='ltr'><strong>gained.</strong></span> 
     </span>
     <span class='ocr_line' id='line_1_41' title="bbox 1036 2602 1661 2658; baseline 0.003 -15"><span class='ocrx_word' id='word_1_170' title='bbox 1036 2602 1229 2645; x_wconf 83' lang='lat' dir='ltr'><strong>Blessed</strong></span> <span class='ocrx_word' id='word_1_171' title='bbox 1252 2603 1482 2658; x_wconf 82' lang='lat' dir='ltr'><strong>pleasure,</strong></span> <span class='ocrx_word' id='word_1_172' title='bbox 1659 2617 1661 2619; x_wconf 90' lang='lat'>·</span> 
     </span>
     <span class='ocr_line' id='line_1_42' title="bbox 1035 2661 1451 2716; baseline 0.007 -14"><span class='ocrx_word' id='word_1_173' title='bbox 1035 2661 1208 2716; x_wconf 76' lang='lat' dir='ltr'>Happy</span> <span class='ocrx_word' id='word_1_174' title='bbox 1231 2669 1451 2706; x_wconf 82' lang='lat' dir='ltr'><strong>treasure.</strong></span> 
     </span>
    </p>
   </div>
  </div>
 </body>
</html>
